<?xml version="1.0" encoding="utf-8"?>
<record xmlns="http://www.loc.gov/MARC21/slim" xmlns:xsi="http://www.w3.org/2001/XMLSchema-instance" xsi:schemaLocation="http://www.loc.gov/MARC21/slim http://www.loc.gov/standards/marcxml/schema/MARC21slim.xsd">
	<leader>     nam a22        4500</leader>
	<controlfield tag="001">b12312873</controlfield>
	<controlfield tag="003">LeBAU</controlfield>
	<controlfield tag="006">m        d        </controlfield>
	<controlfield tag="007">cr cn |||m|||a</controlfield>
	<controlfield tag="008">170308s1954    ir      o     ||0 0 ara d</controlfield>
	<datafield ind1=" " ind2=" " tag="040">
		<subfield code="a">NNU</subfield>
		<subfield code="b">ara</subfield>
		<subfield code="e">rda</subfield>
		<subfield code="c">NNU</subfield>
	</datafield>
	<datafield ind1=" " ind2="4" tag="050">
		<subfield code="a">AE90.A7</subfield>
		<subfield code="b">A32 1954</subfield>
	</datafield>
	<datafield ind1="0" ind2="4" tag="082">
		<subfield code="a">039</subfield>
		<subfield code="2">20</subfield>
	</datafield>
	<datafield ind1="1" ind2=" " tag="100">
		<subfield code="6">880-01</subfield>
		<subfield code="a">Aʻlamī, Muḥammad Ḥusayn,</subfield>
		<subfield code="d">1902-</subfield>
		<subfield code="e">author.</subfield>
	</datafield>
	<datafield ind1="1" ind2="0" tag="245">
		<subfield code="6">880-02</subfield>
		<subfield code="a">Kitāb Dāʼirat al-Maʻārif al-Musammāt bi-muqtabis al-Athar wa-mujaddid mā dathar /</subfield>
		<subfield code="c">ta’līf al-Shaykh Muḥammad Ḥusayn al-Shaykh Sulaymān al-A‘lamī al-Mihrajānī al-Ḥā’irī.</subfield>
	</datafield>
	<datafield ind1="3" ind2="0" tag="246">
		<subfield code="6">880-03</subfield>
		<subfield code="a">Dāʼirat al-Maʻārif al-Musammāt bi-muqtabis al-Athar wa-mujaddid mā dathar</subfield>
	</datafield>
	<datafield ind1="3" ind2="0" tag="246">
		<subfield code="6">880-04</subfield>
		<subfield code="a">muqtabis al-Athar wa-mujaddid mā dathar</subfield>
	</datafield>
	<datafield ind1="1" ind2="4" tag="246">
		<subfield code="6">880-05</subfield>
		<subfield code="a">Dāʼirat al-Maʻārif, aw, muqtabis al-Athar wa-mujaddid mā dathar</subfield>
	</datafield>
	<datafield ind1=" " ind2=" " tag="250">
		<subfield code="6">880-06</subfield>
		<subfield code="a">al-Ṭab‘ah al-ūlá.</subfield>
	</datafield>
	<datafield ind1=" " ind2="1" tag="264">
		<subfield code="6">880-07</subfield>
		<subfield code="a">Qum :</subfield>
		<subfield code="b">al-Maṭba‘ah al-Ḥikmah,</subfield>
		<subfield code="c">1374-1392 H. = [1954]-1972 M.</subfield>
	</datafield>
	<datafield ind1=" " ind2=" " tag="300">
		<subfield code="6">880-08</subfield>
		<subfield code="a">online resource (15 volumes)</subfield>
	</datafield>
	<datafield ind1=" " ind2=" " tag="336">
		<subfield code="a">text</subfield>
		<subfield code="2">rdacontent</subfield>
	</datafield>
	<datafield ind1=" " ind2=" " tag="337">
		<subfield code="a">computer</subfield>
		<subfield code="2">rdamedia</subfield>
	</datafield>
	<datafield ind1=" " ind2=" " tag="338">
		<subfield code="a">online resource</subfield>
		<subfield code="2">rdacarrier</subfield>
	</datafield>
	<datafield ind1=" " ind2=" " tag="500">
		<subfield code="a">Part of the Arabic Collections Online (ACO) project, contributed by American University of Beirut's Jafet Memorial Library.</subfield>
	</datafield>
	<datafield ind1=" " ind2=" " tag="533">
		<subfield code="a">Electronic reproduction.</subfield>
		<subfield code="b">New York, N.Y. :</subfield>
		<subfield code="c">New York University,</subfield>
		<subfield code="d">2017.</subfield>
		<subfield code="5">NNU</subfield>
	</datafield>
	<datafield ind1=" " ind2="0" tag="650">
		<subfield code="6">880-09</subfield>
		<subfield code="a">Encyclopedias and dictionaries, Arabic.</subfield>
	</datafield>
	<datafield ind1=" " ind2="0" tag="650">
		<subfield code="a">Shiites</subfield>
		<subfield code="v">Dictionaries</subfield>
		<subfield code="x">Arabic.</subfield>
	</datafield>
	<datafield ind1="2" ind2=" " tag="710">
		<subfield code="a">Jafet Memorial Library.</subfield>
	</datafield>
	<datafield ind1="0" ind2=" " tag="730">
		<subfield code="a">Arabic Collections Online.</subfield>
	</datafield>
	<datafield ind1="0" ind2="8" tag="776">
		<subfield code="i">Print version:</subfield>
		<subfield code="a">Aʻlamī, Muḥammad Ḥusayn, 1902- author.</subfield>
		<subfield code="t">Kitāb Dāʼirat al-Maʻārif al-Musammāt bi-muqtabis al-Athar wa-mujaddid mā dathar</subfield>
		<subfield code="w">(LeBAU)b12312873</subfield>
	</datafield>
	<datafield ind1="4" ind2="0" tag="856">
		<subfield code="u">http://hdl.handle.net/2333.1/nvx0kc1m</subfield>
	</datafield>
	<datafield ind1="1" ind2=" " tag="880">
		<subfield code="6">100-01/r</subfield>
		<subfield code="a">اعلمي، محمد حسين،</subfield>
		<subfield code="d">1902-</subfield>
		<subfield code="e">مؤلف.</subfield>
		<subfield code="4">aut.</subfield>
	</datafield>
	<datafield ind1="1" ind2="0" tag="880">
		<subfield code="6">245-02/r</subfield>
		<subfield code="a">كتاب دائرة المعارف المسماة بمقتبس الأثر ومجدد ما دثر /</subfield>
		<subfield code="c">تأليف الشيخ محمد حسين الشيخ سليمان الأعلمي المهرجاني الحائري.</subfield>
	</datafield>
	<datafield ind1="3" ind2="0" tag="880">
		<subfield code="6">246-03/r</subfield>
		<subfield code="a">دائرة المعارف المسماة بمقتبس الأثر ومجدد ما دثر</subfield>
	</datafield>
	<datafield ind1="3" ind2="0" tag="880">
		<subfield code="6">246-04/r</subfield>
		<subfield code="a">مقتبس الأثر ومجدد ما دثر</subfield>
	</datafield>
	<datafield ind1="1" ind2="4" tag="880">
		<subfield code="6">246-05/r</subfield>
		<subfield code="a">دائرة المعارف، أو، مقتبس الأثر ومجدد ما دثر</subfield>
	</datafield>
	<datafield ind1=" " ind2=" " tag="880">
		<subfield code="6">250-06/r</subfield>
		<subfield code="a">الطبعة الأولى.</subfield>
	</datafield>
	<datafield ind1=" " ind2="1" tag="880">
		<subfield code="6">264-07/r</subfield>
		<subfield code="a">قم :</subfield>
		<subfield code="b">المطبعة الحكمة،</subfield>
		<subfield code="c">1374-1392 هـ. = [1954]-1972 م.</subfield>
	</datafield>
	<datafield ind1=" " ind2=" " tag="880">
		<subfield code="6">300-08/r</subfield>
		<subfield code="a">15 جزء ؛</subfield>
		<subfield code="c">24 سم</subfield>
	</datafield>
	<datafield ind1=" " ind2=" " tag="880">
		<subfield code="6">500-00/r</subfield>
		<subfield code="a">30 جزء ببليوغرافي في 15 جزء مادي.</subfield>
	</datafield>
	<datafield ind1=" " ind2=" " tag="880">
		<subfield code="6">500-00/r</subfield>
		<subfield code="a">نسخة مكتبة يافث تنقص الجزء العاشر، والجزء السابع مكرر.</subfield>
	</datafield>
	<datafield ind1="0" ind2=" " tag="880">
		<subfield code="6">505-00/r</subfield>
		<subfield code="a">الجزء السادس. الإنسان --الجزء السابع. الإنسان الكامل --الجزء الثامن. تكملة الإنسان --الجزء العاشر. عشرة كاملة في حرف الألف --الجزء الحادي عشر. أول الأوائل اللف مع الواو --الجزء الثاني عشر. تاريخ إيران الألف مع الياء --الجزء الثالث عشر. في الباء الموحدة وتاليها من الحروف الهجائية --الجزء الرابع عشر. في التاء الفوقانية وما تليها --الجزء الخامس عشر. في أحوال جعفر الصادق وجفره --الجزء السادس عشر. في الحاء المهملة منها الحسن والحسين --الجزء السابع عشر. في الحاء المهملة مع اللام وما تليها --الجزء الثامن عشر. الدنيا وما فيها قائم بالدعاء --الجزء التاسع عشر. حرف الزاي وما تليها --الجزء العشرون. حرف الشين والصاد والضاد --الجزء الحادي والعشرون. في حرف العين المهملة --الجزء الثاني والعشرون. في العدالة والعلم وعلي بن أبي طالب عليه السلام --الجزء الثالث والعشرون. في حرف العين المهملة مع الميم --الجزء الرابع والعشرون. في القبلة ووجهاتها وسور القرآن وأوصافها --الجزء الخامس والعشرون. في الكعبة وتاريخها ومعنى كل شئ --الجزء السادس والعشرون. في حرف الميم وما يليها --الجزء السابع والعشرون. في أحوال نبينا محمد (ص) ومن سمي بإسمه --الجزء الثامن والعشرون. في المعارف والمعاشر والمواعظ --الجزء التاسع والعشرون. في حرف النون وما تليها --الجزء الثلاثون. في حرف الهاء إلى آخر الياء.</subfield>
	</datafield>
	<datafield ind1=" " ind2=" " tag="880">
		<subfield code="6">588-00/r</subfield>
		<subfield code="a">الوصف يستند إلى الجزء الأول</subfield>
	</datafield>
	<datafield ind1=" " ind2="4" tag="880">
		<subfield code="6">650-00/r</subfield>
		<subfield code="a">الموسوعات والقواميس العربية.</subfield>
	</datafield>
	<datafield ind1=" " ind2="4" tag="880">
		<subfield code="6">650-09/r</subfield>
		<subfield code="a">الشيعة</subfield>
		<subfield code="v">قواميس</subfield>
		<subfield code="x">عربية.</subfield>
	</datafield>
	<datafield ind1=" " ind2=" " tag="959">
		<subfield code="a">NNU</subfield>
		<subfield code="b">WEB</subfield>
		<subfield code="c">GENI</subfield>
		<subfield code="t">0</subfield>
		<subfield code="m">Electronic access</subfield>
		<subfield code="s">01</subfield>
	</datafield>
	<datafield ind1=" " ind2=" " tag="999">
		<subfield code="i">LeBAU_b12312873</subfield>
		<subfield code="s">aub_aco000448:v.1-2</subfield>
		<subfield code="s">aub_aco000449:v.3-4</subfield>
		<subfield code="e">(ERROR-MISC)</subfield>
		<subfield code="s">aub_aco000448:v.1-2</subfield>
		<subfield code="s">aub_aco000449:v.3-4</subfield>
	</datafield>
</record>
